<record><leader>00000cas a22000007a 4500</leader><controlfield tag="001">25993449</controlfield><controlfield tag="008">920611d19781979riuwr ne      0    0eng d</controlfield><datafield ind1=" " ind2=" " tag="010"><subfield code="a">sn 92064109 </subfield></datafield><datafield ind1=" " ind2=" " tag="040"><subfield code="a">RHN</subfield><subfield code="b">eng</subfield><subfield code="c">RHN</subfield><subfield code="d">OCLCQ</subfield></datafield><datafield ind1=" " ind2=" " tag="042"><subfield code="a">msc</subfield></datafield><datafield ind1="0" ind2="0" tag="245"><subfield code="a">Lincoln Cumberland observer news leader.</subfield></datafield><datafield ind1=" " ind2=" " tag="260"><subfield code="a">Ashton, R.I. :</subfield><subfield code="b">Observer Publications</subfield></datafield><datafield ind1=" " ind2=" " tag="300"><subfield code="a">v.</subfield></datafield><datafield ind1=" " ind2=" " tag="310"><subfield code="a">Weekly</subfield></datafield><datafield ind1="0" ind2=" " tag="362"><subfield code="a">Vol. 6, no. 40 (June 8, 1978)-v. 7, no. 39 (May 31, 1979).</subfield></datafield><datafield ind1=" " ind2=" " tag="500"><subfield code="a">Title varies slightly.</subfield></datafield><datafield ind1=" " ind2="4" tag="651"><subfield code="a">Lincoln (R.I. : Town)</subfield><subfield code="v">Newspapers.</subfield></datafield><datafield ind1=" " ind2="4" tag="651"><subfield code="a">Cumberland (R.I. : Town)</subfield><subfield code="v">Newspapers.</subfield></datafield><datafield ind1=" " ind2=" " tag="752"><subfield code="a">United States</subfield><subfield code="b">Rhode Island</subfield><subfield code="c">Providence</subfield><subfield code="d">Ashton.</subfield></datafield><datafield ind1="0" ind2="4" tag="780"><subfield code="t">Lincoln-Cumberland observer (Greenville, R.I.)</subfield><subfield code="w">(DLC)sn 92064108</subfield></datafield><datafield ind1="0" ind2="4" tag="780"><subfield code="t">News leader (Ashton, R.I. : 1977)</subfield><subfield code="w">(DLC)sn 92064107</subfield></datafield><datafield ind1="0" ind2="0" tag="785"><subfield code="t">Lincoln-Cumberland observer (Ashton, R.I.)</subfield><subfield code="w">(DLC)sn 92064110</subfield></datafield></record>